@online{api_wiki,
  title = {Application programming interface},
  url = {https://en.wikipedia.org/wiki/Application_programming_interface},
  urldate = {2017-11-27}
}

@online{apip_fosuser,
  title = {FOSUserBundle Integration},
  url = {https://api-platform.com/docs/core/fosuser-bundle},
  urldate = {2018-05-26}
}

@online{backend_wiki,
  title = {},
  url = {https://en.wikipedia.org/wiki/Front_and_back_ends},
  urldate = {2017-11-27}
}

@online{backports_debianwiki,
  title = {Backports},
  url = {https://wiki.debian.org/Backports},
  urldate = {2018-05-10}
}

@online{bdd_wiki,
  title = {Behavior-driven development},
  url = {https://en.wikipedia.org/wiki/Behavior-driven_development},
  urldate = {2018-05-03}
}

@online{blackbox_wiki,
  title = {Black-box testing},
  url = {https://en.wikipedia.org/wiki/Black-box_testing},
  urldate = {2018-05-03}
}

@online{clepsidra_wiki,
  title = {Water clock},
  url = {https://en.wikipedia.org/wiki/Water_clock}
}

@online{cd_wiki,
  title = {Continuous delivery},
  url = {https://en.wikipedia.org/wiki/Continuous_delivery},
  urldate = {2018-05-11}
}

@online{ci_wiki,
  title = {Continuous integration},
  url = {https://en.wikipedia.org/wiki/Continuous_integration},
  urldate = {2018-05-11}
}

@online{commit_wiki,
  title = {Commit (version control)},
  url = {https://en.wikipedia.org/wiki/Commit_(version_control)},
  urldate = {2018-05-11}
}

@online{dbal_wiki,
  title = {Database abstraction layer},
  url = {https://en.wikipedia.org/wiki/Database_abstraction_layer},
  urldate = {2018-04-25}
}

@online{dsl_wiki, 
  title = {Domain-specific language},
  url = {https://en.wikipedia.org/wiki/Domain-specific_language},
  urldate = {2018-05-03}
}

@online{dto_wiki,
  title = {Data transfer object},
  url = {https://en.wikipedia.org/wiki/Data_transfer_object},
  urldate = {2018-05-26}
}

@online{endpoint_so,
  author = {amenadiel},
  title = {¿Qué es un ``entry point'' y un ``end point''?},
  url = {https://es.stackoverflow.com/questions/51758/qué-es-un-entry-point-y-un-end-point/51764#51764},
  urldate = {2018-05-24}
}

@online{fork_wiki,
  title = {Fork (software development)},
  url = {https://en.wikipedia.org/wiki/Fork_(software_development)},
  urldate = {2018-05-10}
}

@online{functionalt_wiki,
  title = {Functional testing},
  url = {https://en.wikipedia.org/wiki/Functional_testing},
  urldate = {2018-05-03}
}

@online{jwt_explanation,
  title = {JSON Web Token Introduction},
  url = {https://jwt.io/introduction/},
  urldate = {2018-05-07}
}

@online{modentrel_wiki,
  title = {Entity–relationship model},
  url = {https://en.wikipedia.org/wiki/Entity%E2%80%93relationship_model},
  urldate = {2017-12-11}
}

@online{cookies_wiki,
  title = {HTTP cookie},
  url = {https://en.wikipedia.org/wiki/HTTP_cookie},
  urldate = {2018-04-24}
}

@online{docker_wiki,
  title = {Docker (software)},
  url = {https://en.wikipedia.org/wiki/Docker_(software)},
  urldate = {2018-05-30}
}

@online{gitlab_wiki,
  title = {GitLab},
  url = {https://en.wikipedia.org/wiki/GitLab},
  urldate = {2018-05-11}
}

@online{hateoas_so,
  author = {Darrel Miller},
  title = {HATEOAS: concise description},
  year = 2012,
  url = {https://stackoverflow.com/questions/9192648/hateoas-concise-description/9194942#9194942},
  urldate = {2018-04-19}
}

@online{hateoas_wiki,
  title = {HATEOAS},
  url = {https://en.wikipedia.org/wiki/HATEOAS},
  urldate = {2018-04-19}
}

@online{hypervisor_wiki,
  title = {Hypervisor},
  url = {https://en.wikipedia.org/wiki/Hypervisor},
  urldate = {2018-05-10}
}

@online{method_over_wiki,
  title = {Method overriding},
  url = {https://en.wikipedia.org/wiki/Method_overriding},
  urldate = {2018-05-26}
}

@online{opensource_wiki,
  title = {Open-source software},
  url = {https://en.wikipedia.org/wiki/Open-source_software},
  urldate = {2018-05-29}
}

@online{kvm_wiki,
  title = {Kernel-based Virtual Machine},
  url = {https://en.wikipedia.org/wiki/Kernel-based_Virtual_Machine},
  urldate = {2018-05-10}
}

@online{merge_wiki,
  title = {Merge (version control)},
  url = {https://en.wikipedia.org/wiki/Merge_(version_control)},
  urldate = {2018-05-11}
}

@online{orm_so,
  author = {e-satis},
  title = {What is an ORM and where can I learn more about it?},
  url = {https://stackoverflow.com/questions/1279613/what-is-an-orm-and-where-can-i-learn-more-about-it/1279678#1279678},
  urldate = {2018-05-08}
}

@online{orm_wiki,
  title = {Object-relational mapping},
  url = {https://en.wikipedia.org/wiki/Object-relational_mapping},
  urldate = {2018-05-08}
}

@online{push_gitscm,
  title = {Git - git-push Documentation},
  url = {https://git-scm.com/docs/git-push},
  urldate = {2018-05-11}
}

@online{rest_wiki,
  title = {Representational state transfer},
  url = {https://en.wikipedia.org/wiki/Representational_state_transfer},
  urldate = {2017-11-27}
}

@online{semweb,
  title = {Semantic Web},
  url = {https://en.wikipedia.org/wiki/Semantic_Web},
  urldate = {2018-04-19}
}

@online{stateless_wiki,
  title = {Stateless protocol},
  url = {https://en.wikipedia.org/wiki/Stateless_protocol},
  urldate = {2017-11-27}
}

@online{swiftmailer_symfony,
  title = {Powerful component based mailing library for PHP – Swift Mailer},
  url = {https://swiftmailer.symfony.com/},
  urldate = {2018-05-26}
}

@online{symfony_frambun,
  title = {FrameworkBundle Configuration ("framework")},
  url = {https://symfony.com/doc/current/reference/configuration/framework.html},
  urldate = {2018-04-25}
}

@online{symfony_httpfound,
  title = {HttpFoundation component},
  url = {https://symfony.com/components/HttpFoundation},
  urldate = {2018-04-24}
}

@online{symfony_httpfound_two,
  title = {HttpFoundation component},
  url = {https://symfony.com/components/HttpFoundation},
  urldate = {2018-04-24}
}

@online{symfony_serializer,
  title = {The Serializer Component},
  url =
{http://symfony.com/doc/current/components/serializer.html},
  urldate = {2018-05-02}
}

@online{tdd_wiki,
  title = {Test-driven development},
  url = {https://en.wikipedia.org/wiki/Test-driven_development},
  urldate = {2017-12-11}
}

@online{wiki_mvc,
  title = {Model–view–controller},
  url = {https://en.wikipedia.org/wiki/Model-view-controller},
  urldate = {2018-04-17}
}
